<record><leader>00000cas a22000007a 4500</leader><controlfield tag="001">805227918</controlfield><controlfield tag="008">120807c20129999ncuwr n       0   a0eng  </controlfield><controlfield tag="009">466</controlfield><datafield ind1=" " ind2=" " tag="010"><subfield code="a">  2012203385</subfield></datafield><datafield ind1=" " ind2=" " tag="040"><subfield code="a">DLC</subfield><subfield code="b">eng</subfield><subfield code="c">DLC</subfield></datafield><datafield ind1=" " ind2=" " tag="012"><subfield code="m">1</subfield></datafield><datafield ind1="0" ind2=" " tag="022"><subfield code="a">2169-1002</subfield><subfield code="2">1</subfield></datafield><datafield ind1=" " ind2=" " tag="032"><subfield code="a">897020</subfield><subfield code="b">USPS</subfield></datafield><datafield ind1=" " ind2=" " tag="037"><subfield code="b">Post Publishers, Inc., 201 A W. Fremont St., Burgaw, NC 28425</subfield></datafield><datafield ind1=" " ind2=" " tag="042"><subfield code="a">nsdp</subfield><subfield code="a">pcc</subfield></datafield><datafield ind1="1" ind2="0" tag="050"><subfield code="a">ISSN RECORD</subfield></datafield><datafield ind1="1" ind2="0" tag="082"><subfield code="a">070</subfield><subfield code="2">15</subfield></datafield><datafield ind1=" " ind2="0" tag="222"><subfield code="a">Pender-Topsail post &amp; voice</subfield></datafield><datafield ind1="0" ind2="0" tag="245"><subfield code="a">Pender-Topsail post &amp; voice.</subfield></datafield><datafield ind1="1" ind2=" " tag="246"><subfield code="a">Pender-Topsail post and voice</subfield></datafield><datafield ind1=" " ind2=" " tag="260"><subfield code="a">Burgaw, NC :</subfield><subfield code="b">Post Publishers, Inc.</subfield></datafield><datafield ind1=" " ind2=" " tag="310"><subfield code="a">Weekly</subfield></datafield><datafield ind1="1" ind2=" " tag="362"><subfield code="a">Began with July 25, 2012?</subfield></datafield><datafield ind1=" " ind2=" " tag="588"><subfield code="a">Description based on: July 25, 2012; title from caption.</subfield></datafield><datafield ind1=" " ind2=" " tag="752"><subfield code="a">United States</subfield><subfield code="b">North Carolina</subfield><subfield code="c">Pender</subfield><subfield code="d">Burgaw.</subfield></datafield><datafield ind1="4" ind2="1" tag="856"><subfield code="u">http://www.thependerpost.com/</subfield></datafield></record>